
@inproceedings{
deac2022expander,
title={Expander Graph Propagation},
author={Andreea Deac and Marc Lackenby and Petar Veli{\v{c}}kovi{\'c}},
booktitle={The First Learning on Graphs Conference},
year={2022}
}

@inproceedings{
arnaiz2022diffwire,
title={DiffWire: Inductive Graph Rewiring via the Lov\'asz Bound},
author={Adri{\'a}n Arnaiz-Rodr{\'\i}guez and Ahmed Begga and Francisco Escolano and Nuria M Oliver},
booktitle={The First Learning on Graphs Conference},
year={2022}
}



@article{belkin2019reconciling,
  title={Reconciling modern machine-learning practice and the classical bias--variance trade-off},
  author={Belkin, Mikhail and Hsu, Daniel and Ma, Siyuan and Mandal, Soumik},
  journal={Proceedings of the National Academy of Sciences},
  volume={116},
  number={32},
  pages={15849--15854},
  year={2019},
  publisher={National Acad Sciences}
}


@article{fey2019fast,
  title={Fast graph representation learning with PyTorch Geometric},
  author={Fey, Matthias and Lenssen, Jan Eric},
  journal={arXiv preprint arXiv:1903.02428},
  year={2019}
}


@article{wang2019deep,
  title={Deep Graph Library: Towards Efficient and Scalable Deep Learning on Graphs.},
  author={Wang, Minjie and Yu, Lingfan and Zheng, Da and Gan, Quan and Gai, Yu and Ye, Zihao and Li, Mufei and Zhou, Jinjing and Huang, Qi and Ma, Chao and others},
  year={2019}
}

@article{hochreiter1997long,
  title={Long short-term memory},
  author={Hochreiter, Sepp and Schmidhuber, J{\"u}rgen},
  journal={Neural computation},
  volume={9},
  number={8},
  pages={1735--1780},
  year={1997},
  publisher={MIT Press}
}

@article{ba2016layer,
  title={Layer normalization},
  author={Ba, Jimmy Lei and Kiros, Jamie Ryan and Hinton, Geoffrey E},
  journal={arXiv preprint arXiv:1607.06450},
  year={2016}
}

@techreport{page1999pagerank,
  title={The PageRank citation ranking: Bringing order to the web.},
  author={Page, Lawrence and Brin, Sergey and Motwani, Rajeev and Winograd, Terry},
  year={1999},
  institution={Stanford InfoLab}
}


@article{mialon2021graphit,
  title={GraphiT: Encoding Graph Structure in Transformers},
  author={Mialon, Gr{\'e}goire and Chen, Dexiong and Selosse, Margot and Mairal, Julien},
  journal={arXiv preprint arXiv:2106.05667},
  year={2021}
}

@book{chung1997spectral,
  title={Spectral graph theory},
  author={Chung, Fan RK},
  volume={92},
  year={1997},
  publisher={American Mathematical Soc.}
}

@inproceedings{zheng2020dgl,
  title={Dgl-ke: Training knowledge graph embeddings at scale},
  author={Zheng, Da and Song, Xiang and Ma, Chao and Tan, Zeyuan and Ye, Zihao and Dong, Jin and Xiong, Hao and Zhang, Zheng and Karypis, George},
  booktitle={Proceedings of the 43rd International ACM SIGIR Conference on Research and Development in Information Retrieval},
  pages={739--748},
  year={2020}
}

@article{bulucc2016recent,
  title={Recent advances in graph partitioning},
  author={Bulu{\c{c}}, Ayd{\i}n and Meyerhenke, Henning and Safro, Ilya and Sanders, Peter and Schulz, Christian},
  journal={Algorithm engineering},
  pages={117--158},
  year={2016},
  publisher={Springer}
}

@article{zhao2021data,
  author    = {Tong Zhao and
               Yozen Liu and
               Leonardo Neves and
               Oliver J. Woodford and
               Meng Jiang and
               Neil Shah},
  title     = {Data Augmentation for Graph Neural Networks},
  journal   = {CoRR},
  volume    = {abs/2006.06830},
  year      = {2020},
  eprinttype = {arXiv},
  eprint    = {2006.06830},
  timestamp = {Fri, 02 Oct 2020 16:45:08 +0200},
}
@article{brown2020language,
  title={Language models are few-shot learners},
  author={Brown, Tom and Mann, Benjamin and Ryder, Nick and Subbiah, Melanie and Kaplan, Jared D and Dhariwal, Prafulla and Neelakantan, Arvind and Shyam, Pranav and Sastry, Girish and Askell, Amanda and others},
  journal={Advances in neural information processing systems},
  volume={33},
  pages={1877--1901},
  year={2020}
}

@article{bahdanau2014neural,
  title={Neural machine translation by jointly learning to align and translate},
  author={Bahdanau, Dzmitry and Cho, Kyunghyun and Bengio, Yoshua},
  journal={arXiv preprint arXiv:1409.0473},
  year={2014}
}


@inproceedings{
Loukas2020What,
title={What graph neural networks cannot learn: depth vs width},
author={Andreas Loukas},
booktitle={International Conference on Learning Representations},
year={2020}
}

@article{li2020distance,
  title={Distance Encoding: Design Provably More Powerful Neural Networks for Graph Representation Learning},
  author={Li, Pan and Wang, Yanbang and Wang, Hongwei and Leskovec, Jure},
  journal={Advances in Neural Information Processing Systems},
  volume={33},
  year={2020}
}

@article{lim2022sign,
  title={Sign and Basis Invariant Networks for Spectral Graph Representation Learning},
  author={Lim, Derek and Robinson, Joshua and Zhao, Lingxiao and Smidt, Tess and Sra, Suvrit and Maron, Haggai and Jegelka, Stefanie},
  journal={arXiv preprint arXiv:2202.13013},
  year={2022}
}


@inproceedings{dwivedi2021generalization,
  title={A Generalization of Transformer Networks to Graphs},
  author={Dwivedi, Vijay Prakash and Bresson, Xavier},
  booktitle={AAAI Workshop on Deep Learning on Graphs: Methods and Applications},
  year={2021}
}


@article{chen2020can,
  title={Can graph neural networks count substructures?},
  author={Chen, Zhengdao and Chen, Lei and Villar, Soledad and Bruna, Joan},
  journal={Advances in neural information processing systems},
  volume={33},
  pages={10383--10395},
  year={2020}
}

@inproceedings{zhao2021stars,
  title={From Stars to Subgraphs: Uplifting Any GNN with Local Structure Awareness},
  author={Zhao, Lingxiao and Jin, Wei and Akoglu, Leman and Shah, Neil},
  booktitle={International Conference on Learning Representations},
  year={2021}
}

@article{zhang2021nested,
  title={Nested graph neural networks},
  author={Zhang, Muhan and Li, Pan},
  journal={Advances in Neural Information Processing Systems},
  volume={34},
  pages={15734--15747},
  year={2021}
}

@article{sun,
  title={Understanding and Extending Subgraph GNNs by Rethinking Their Symmetries},
  author={Frasca, Fabrizio and Bevilacqua, Beatrice and Bronstein, Michael M and Maron, Haggai},
  journal={arXiv preprint arXiv:2206.11140},
  year={2022}
}

@article{bevilacqua2021equivariant,
  title={Equivariant subgraph aggregation networks},
  author={Bevilacqua, Beatrice and Frasca, Fabrizio and Lim, Derek and Srinivasan, Balasubramaniam and Cai, Chen and Balamurugan, Gopinath and Bronstein, Michael M and Maron, Haggai},
  journal={arXiv preprint arXiv:2110.02910},
  year={2021}
}

@article{bodnar2021weisfeiler,
  title={Weisfeiler and Lehman go cellular: CW networks},
  author={Bodnar, Cristian and Frasca, Fabrizio and Otter, Nina and Wang, Yuguang and Lio, Pietro and Montufar, Guido F and Bronstein, Michael},
  journal={Advances in Neural Information Processing Systems},
  volume={34},
  pages={2625--2640},
  year={2021}
}

@article{alsentzer2020subgraph,
  title={Subgraph neural networks},
  author={Alsentzer, Emily and Finlayson, Samuel and Li, Michelle and Zitnik, Marinka},
  journal={Advances in Neural Information Processing Systems},
  volume={33},
  pages={8017--8029},
  year={2020}
}

@article{bouritsas2022improving,
  title={Improving graph neural network expressivity via subgraph isomorphism counting},
  author={Bouritsas, Giorgos and Frasca, Fabrizio and Zafeiriou, Stefanos P and Bronstein, Michael},
  journal={IEEE Transactions on Pattern Analysis and Machine Intelligence},
  year={2022},
  publisher={IEEE}
}

@article{azizian2020expressive,
  title={Expressive power of invariant and equivariant graph neural networks},
  author={Azizian, Wa{\"\i}ss and Lelarge, Marc},
  journal={arXiv preprint arXiv:2006.15646},
  year={2020}
}

@article{chen2019equivalence,
  title={On the equivalence between graph isomorphism testing and function approximation with GNNs},
  author={Chen, Zhengdao and Chen, Lei and Villar, Soledad and Bruna, Joan},
  journal={Advances in neural information processing systems},
  year={2019}
}

@article{maron2019provably,
  title={Provably powerful graph networks},
  author={Maron, Haggai and Ben-Hamu, Heli and Serviansky, Hadar and Lipman, Yaron},
  journal={arXiv preprint arXiv:1905.11136},
  year={2019}
}

@article{maron2018invariant,
  title={Invariant and equivariant graph networks},
  author={Maron, Haggai and Ben-Hamu, Heli and Shamir, Nadav and Lipman, Yaron},
  journal={arXiv preprint arXiv:1812.09902},
  year={2018}
}

@inproceedings{
xu2018how,
title={How Powerful are Graph Neural Networks?},
author={Keyulu Xu and Weihua Hu and Jure Leskovec and Stefanie Jegelka},
booktitle={International Conference on Learning Representations},
year={2019}
}

@inproceedings{morris2019weisfeiler,
  title={Weisfeiler and leman go neural: Higher-order graph neural networks},
  author={Morris, Christopher and Ritzert, Martin and Fey, Matthias and Hamilton, William L and Lenssen, Jan Eric and Rattan, Gaurav and Grohe, Martin},
  booktitle={Proceedings of the AAAI Conference on Artificial Intelligence},
  volume={33},
  pages={4602--4609},
  year={2019}
}

@article{weisfeiler1968reduction,
  title={The reduction of a graph to canonical form and the algebra which appears therein},
  author={Weisfeiler, Boris and Leman, Andrei},
  journal={NTI Series},
  volume={2},
  number={9},
  pages={12--16},
  year={1968}
}

@inproceedings{hamilton2017inductive,
  title={Inductive representation learning on large graphs},
  author={Hamilton, William L and Ying, Rex and Leskovec, Jure},
  booktitle={Proceedings of the 31st International Conference on Neural Information Processing Systems},
  pages={1025--1035},
  year={2017}
}

@article{zopf20221,
  title={1-WL Expressiveness Is (Almost) All You Need},
  author={Zopf, Markus},
  journal={arXiv preprint arXiv:2202.10156},
  year={2022}
}


@article{belkin2003laplacian,
  title={Laplacian eigenmaps for dimensionality reduction and data representation},
  author={Belkin, Mikhail and Niyogi, Partha},
  journal={Neural computation},
  volume={15},
  number={6},
  pages={1373--1396},
  year={2003},
  publisher={MIT Press}
}

@inproceedings{dwivedi2021graph,
  title={Graph Neural Networks with Learnable Structural and Positional Representations},
  author={Dwivedi, Vijay Prakash and Luu, Anh Tuan and Laurent, Thomas and Bengio, Yoshua and Bresson, Xavier},
  booktitle={International Conference on Learning Representations},
  year={2021}
}

@inproceedings{velivckovic2018graph,
  title={Graph Attention Networks},
  author={Veli{\v{c}}kovi{\'c}, Petar and Cucurull, Guillem and Casanova, Arantxa and Romero, Adriana and Li{\`o}, Pietro and Bengio, Yoshua},
  booktitle={International Conference on Learning Representations},
  year={2018}
}

@inproceedings{defferrard2016convolutional,
  title={Convolutional Neural Networks on Graphs with Fast Localized Spectral Filtering},
  author={Defferrard, Micha{\"e}l and Bresson, Xavier and Vandergheynst, Pierre},
  booktitle={NIPS},
  year={2016}
}

@inproceedings{kipf2017semi,
  title={Semi-Supervised Classification with Graph Convolutional Networks},
  author={Kipf, Thomas N. and Welling, Max},
  booktitle={International Conference on Learning Representations (ICLR)},
  year={2017}
}

@article{li2020graph,
  title={Graph Neural Network-Based Diagnosis Prediction},
  author={Li, Yang and Qian, Buyue and Zhang, Xianli and Liu, Hui},
  journal={Big Data},
  volume={8},
  number={5},
  pages={379--390},
  year={2020},
  publisher={Mary Ann Liebert, Inc., publishers 140 Huguenot Street, 3rd Floor New~…}
}

@article{li2021braingnn,
  title={Braingnn: Interpretable brain graph neural network for fmri analysis},
  author={Li, Xiaoxiao and Zhou, Yuan and Dvornek, Nicha and Zhang, Muhan and Gao, Siyuan and Zhuang, Juntang and Scheinost, Dustin and Staib, Lawrence H and Ventola, Pamela and Duncan, James S},
  journal={Medical Image Analysis},
  volume={74},
  pages={102233},
  year={2021},
  publisher={Elsevier}
}

@article{gaudelet2020utilising,
  title={Utilising Graph Machine Learning within Drug Discovery and Development},
  author={Gaudelet, Thomas and Day, Ben and Jamasb, Arian R and Soman, Jyothish and Regep, Cristian and Liu, Gertrude and Hayter, Jeremy BR and Vickers, Richard and Roberts, Charles and Tang, Jian and others},
  journal={arXiv preprint arXiv:2012.05716},
  year={2020}
}

@article{stokes2020deep,
  title={A deep learning approach to antibiotic discovery},
  author={Stokes, Jonathan M and Yang, Kevin and Swanson, Kyle and Jin, Wengong and Cubillos-Ruiz, Andres and Donghia, Nina M and MacNair, Craig R and French, Shawn and Carfrae, Lindsey A and Bloom-Ackermann, Zohar and others},
  journal={Cell},
  volume={180},
  number={4},
  pages={688--702},
  year={2020},
  publisher={Elsevier}
}


@inproceedings{schlichtkrull2018modeling,
  title={Modeling relational data with graph convolutional networks},
  author={Schlichtkrull, Michael and Kipf, Thomas N and Bloem, Peter and Berg, Rianne van den and Titov, Ivan and Welling, Max},
  booktitle={European semantic web conference},
  pages={593--607},
  year={2018},
  organization={Springer}
}

@article{wu2021graph,
  title={Graph neural networks for natural language processing: A survey},
  author={Wu, Lingfei and Chen, Yu and Shen, Kai and Guo, Xiaojie and Gao, Hanning and Li, Shucheng and Pei, Jian and Long, Bo},
  journal={arXiv preprint arXiv:2106.06090},
  year={2021}
}

@article{han2022vision,
  title={Vision GNN: An Image is Worth Graph of Nodes},
  author={Han, Kai and Wang, Yunhe and Guo, Jianyuan and Tang, Yehui and Wu, Enhua},
  journal={arXiv preprint arXiv:2206.00272},
  year={2022}
}

@inproceedings{derrowpinion2021traffic,
  title={Eta prediction with graph neural networks in google maps},
  author={Derrow-Pinion, Austin and She, Jennifer and Wong, David and Lange, Oliver and Hester, Todd and Perez, Luis and Nunkesser, Marc and Lee, Seongjae and Guo, Xueying and Wiltshire, Brett and others},
  booktitle={Proceedings of the 30th ACM International Conference on Information \& Knowledge Management},
  pages={3767--3776},
  year={2021}
}


@article{cranmer2019learning,
  title={Learning symbolic physics with graph networks},
  author={Cranmer, Miles D and Xu, Rui and Battaglia, Peter and Ho, Shirley},
  journal={arXiv preprint arXiv:1909.05862},
  year={2019}
}

@article{bapst2020unveiling,
  title={Unveiling the predictive power of static structure in glassy systems},
  author={Bapst, Victor and Keck, Thomas and Grabska-Barwi{\'n}ska, A and Donner, Craig and Cubuk, Ekin Dogus and Schoenholz, Samuel S and Obika, Annette and Nelson, Alexander WR and Back, Trevor and Hassabis, Demis and others},
  journal={Nature Physics},
  volume={16},
  number={4},
  pages={448--454},
  year={2020},
  publisher={Nature Publishing Group}
}




@article{monti2017geometric,
  title={Geometric matrix completion with recurrent multi-graph neural networks},
  author={Monti, Federico and Bronstein, Michael and Bresson, Xavier},
  journal={Advances in neural information processing systems},
  volume={30},
  year={2017}
}

@article{van2018graph,
  title={Graph convolutional matrix completion},
  author={Berg, Rianne van den and Kipf, Thomas N and Welling, Max},
  journal={arXiv preprint arXiv:1706.02263},
  year={2017}
}

@article{duvenaud2015convolutional,
  title={Convolutional networks on graphs for learning molecular fingerprints},
  author={Duvenaud, David K and Maclaurin, Dougal and Iparraguirre, Jorge and Bombarell, Rafael and Hirzel, Timothy and Aspuru-Guzik, Al{\'a}n and Adams, Ryan P},
  journal={Advances in neural information processing systems},
  volume={28},
  year={2015}
}


@inproceedings{gilmer2017neural,
  title={Neural message passing for quantum chemistry},
  author={Gilmer, Justin and Schoenholz, Samuel S and Riley, Patrick F and Vinyals, Oriol and Dahl, George E},
  booktitle={International Conference on Machine Learning},
  pages={1263--1272},
  year={2017},
  organization={PMLR}
}

@article{dwivedi2020benchmarking,
  title={Benchmarking graph neural networks},
  author={Dwivedi, Vijay Prakash and Joshi, Chaitanya K and Laurent, Thomas and Bengio, Yoshua and Bresson, Xavier},
  journal={arXiv preprint arXiv:2003.00982},
  year={2020}
}

@article{ZINC,
  title={ZINC: a free tool to discover chemistry for biology},
  author={Irwin, John J and Sterling, Teague and Mysinger, Michael M and Bolstad, Erin S and Coleman, Ryan G},
  journal={Journal of chemical information and modeling},
  volume={52},
  number={7},
  pages={1757--1768},
  year={2012},
  publisher={ACS Publications}
}

@article{pytorch,
  title={Pytorch: An imperative style, high-performance deep learning library},
  author={Paszke, Adam and Gross, Sam and Massa, Francisco and Lerer, Adam and Bradbury, James and Chanan, Gregory and Killeen, Trevor and Lin, Zeming and Gimelshein, Natalia and Antiga, Luca and others},
  journal={Advances in neural information processing systems},
  volume={32},
  year={2019}
}
@article{pyg,
  title={Fast graph representation learning with PyTorch Geometric},
  author={Fey, Matthias and Lenssen, Jan Eric},
  journal={arXiv preprint arXiv:1903.02428},
  year={2019}
}

@article{hu2020open,
  title={Open graph benchmark: Datasets for machine learning on graphs},
  author={Hu, Weihua and Fey, Matthias and Zitnik, Marinka and Dong, Yuxiao and Ren, Hongyu and Liu, Bowen and Catasta, Michele and Leskovec, Jure},
  journal={Advances in neural information processing systems},
  volume={33},
  pages={22118--22133},
  year={2020}
}

@misc{landrum2006rdkit,
  title={RDKit: Open-source cheminformatics. 2006},
  author={Landrum, Greg and others},
  year={2006}
}

@article{MoleculeNet,
  title={STRING v11: protein--protein association networks with increased coverage, supporting functional discovery in genome-wide experimental datasets},
  author={Szklarczyk, Damian and Gable, Annika L and Lyon, David and Junge, Alexander and Wyder, Stefan and Huerta-Cepas, Jaime and Simonovic, Milan and Doncheva, Nadezhda T and Morris, John H and Bork, Peer and others},
  journal={Nucleic acids research},
  volume={47},
  number={D1},
  pages={D607--D613},
  year={2019},
  publisher={Oxford University Press}
}

@inproceedings{he2022masked,
  title={Masked autoencoders are scalable vision learners},
  author={He, Kaiming and Chen, Xinlei and Xie, Saining and Li, Yanghao and Doll{\'a}r, Piotr and Girshick, Ross},
  booktitle={Proceedings of the IEEE/CVF Conference on Computer Vision and Pattern Recognition},
  pages={16000--16009},
  year={2022}
}

@article{vaswani2017attention,
  title={Attention is all you need},
  author={Vaswani, Ashish and Shazeer, Noam and Parmar, Niki and Uszkoreit, Jakob and Jones, Llion and Gomez, Aidan N and Kaiser, {\L}ukasz and Polosukhin, Illia},
  journal={Advances in neural information processing systems},
  volume={30},
  year={2017}
}

@article{tolstikhin2021mlp,
  title={Mlp-mixer: An all-mlp architecture for vision},
  author={Tolstikhin, Ilya O and Houlsby, Neil and Kolesnikov, Alexander and Beyer, Lucas and Zhai, Xiaohua and Unterthiner, Thomas and Yung, Jessica and Steiner, Andreas and Keysers, Daniel and Uszkoreit, Jakob and others},
  journal={Advances in Neural Information Processing Systems},
  volume={34},
  pages={24261--24272},
  year={2021}
}

@inproceedings{wang2022dynamixer,
  title={Dynamixer: a vision MLP architecture with dynamic mixing},
  author={Wang, Ziyu and Jiang, Wenhao and Zhu, Yiming M and Yuan, Li and Song, Yibing and Liu, Wei},
  booktitle={International Conference on Machine Learning},
  pages={22691--22701},
  year={2022},
  organization={PMLR}
}

@article{touvron2021resmlp,
  title={Resmlp: Feedforward networks for image classification with data-efficient training},
  author={Touvron, Hugo and Bojanowski, Piotr and Caron, Mathilde and Cord, Matthieu and El-Nouby, Alaaeldin and Grave, Edouard and Izacard, Gautier and Joulin, Armand and Synnaeve, Gabriel and Verbeek, Jakob and others},
  journal={arXiv preprint arXiv:2105.03404},
  year={2021}
}

@inproceedings{yu2022metaformer,
  title={Metaformer is actually what you need for vision},
  author={Yu, Weihao and Luo, Mi and Zhou, Pan and Si, Chenyang and Zhou, Yichen and Wang, Xinchao and Feng, Jiashi and Yan, Shuicheng},
  booktitle={Proceedings of the IEEE/CVF Conference on Computer Vision and Pattern Recognition},
  pages={10819--10829},
  year={2022}
}

@article{min2022transformer,
  title={Transformer for Graphs: An Overview from Architecture Perspective},
  author={Min, Erxue and Chen, Runfa and Bian, Yatao and Xu, Tingyang and Zhao, Kangfei and Huang, Wenbing and Zhao, Peilin and Huang, Junzhou and Ananiadou, Sophia and Rong, Yu},
  journal={arXiv preprint arXiv:2202.08455},
  year={2022}
}

@article{zhao2019pairnorm,
  title={Pairnorm: Tackling oversmoothing in gnns},
  author={Zhao, Lingxiao and Akoglu, Leman},
  journal={arXiv preprint arXiv:1909.12223},
  year={2019}
}

@article{alon2020bottleneck,
  title={On the bottleneck of graph neural networks and its practical implications},
  author={Alon, Uri and Yahav, Eran},
  journal={arXiv preprint arXiv:2006.05205},
  year={2020}
}

@article{zhang2020graphbert,
  title={Graph-bert: Only attention is needed for learning graph representations},
  author={Zhang, Jiawei and Zhang, Haopeng and Xia, Congying and Sun, Li},
  journal={arXiv preprint arXiv:2001.05140},
  year={2020}
}

@article{rong2020self,
  title={Self-supervised graph transformer on large-scale molecular data},
  author={Rong, Yu and Bian, Yatao and Xu, Tingyang and Xie, Weiyang and Wei, Ying and Huang, Wenbing and Huang, Junzhou},
  journal={Advances in Neural Information Processing Systems},
  volume={33},
  pages={12559--12571},
  year={2020}
}



@article{wu2021GraphTrans,
  title={Representing long-range context for graph neural networks with global attention},
  author={Wu, Zhanghao and Jain, Paras and Wright, Matthew and Mirhoseini, Azalia and Gonzalez, Joseph E and Stoica, Ion},
  journal={Advances in Neural Information Processing Systems},
  volume={34},
  pages={13266--13279},
  year={2021}
}

@article{kreuzer2021rethinking,
  title={Rethinking graph transformers with spectral attention},
  author={Kreuzer, Devin and Beaini, Dominique and Hamilton, Will and L{\'e}tourneau, Vincent and Tossou, Prudencio},
  journal={Advances in Neural Information Processing Systems},
  volume={34},
  pages={21618--21629},
  year={2021}
}

@article{ying2021graphormer,
  title={Do transformers really perform badly for graph representation?},
  author={Ying, Chengxuan and Cai, Tianle and Luo, Shengjie and Zheng, Shuxin and Ke, Guolin and He, Di and Shen, Yanming and Liu, Tie-Yan},
  journal={Advances in Neural Information Processing Systems},
  volume={34},
  pages={28877--28888},
  year={2021}
}

@inproceedings{chen2022structure_SAT,
  title={Structure-aware transformer for graph representation learning},
  author={Chen, Dexiong and O’Bray, Leslie and Borgwardt, Karsten},
  booktitle={International Conference on Machine Learning},
  pages={3469--3489},
  year={2022},
  organization={PMLR}
}

@article{rampavsek2022recipe,
  title={Recipe for a General, Powerful, Scalable Graph Transformer},
  author={Ramp{\'a}{\v{s}}ek, Ladislav and Galkin, Mikhail and Dwivedi, Vijay Prakash and Luu, Anh Tuan and Wolf, Guy and Beaini, Dominique},
  journal={arXiv preprint arXiv:2205.12454},
  year={2022}
}

@inproceedings{ToppingGC0B22,
  author={Topping, Jake and Di Giovanni, Francesco and Chamberlain, Benjamin Paul and Dong, Xiaowen and Bronstein, Michael M},
  title     = {Understanding over-squashing and bottlenecks on graphs via curvature},
  booktitle = {The Tenth International Conference on Learning Representations, {ICLR}
               2022, Virtual Event, April 25-29, 2022},
  year      = {2022},
}

@article{dosovitskiy2020ViT,
  title={An image is worth 16x16 words: Transformers for image recognition at scale},
  author={Dosovitskiy, Alexey and Beyer, Lucas and Kolesnikov, Alexander and Weissenborn, Dirk and Zhai, Xiaohua and Unterthiner, Thomas and Dehghani, Mostafa and Minderer, Matthias and Heigold, Georg and Gelly, Sylvain and others},
  journal={arXiv preprint arXiv:2010.11929},
  year={2020}
}

@article{devlin2018bert,
  title={Bert: Pre-training of deep bidirectional transformers for language understanding},
  author={Devlin, Jacob and Chang, Ming-Wei and Lee, Kenton and Toutanova, Kristina},
  journal={arXiv preprint arXiv:1810.04805},
  year={2018}
}



@article{karypis1998metis,
  title={A fast and high quality multilevel scheme for partitioning irregular graphs},
  author={Karypis, George and Kumar, Vipin},
  journal={SIAM Journal on scientific Computing},
  volume={20},
  number={1},
  pages={359--392},
  year={1998},
  publisher={SIAM}
}

@article{kingma2014adam,
  title={Adam: A method for stochastic optimization},
  author={Kingma, Diederik P and Ba, Jimmy},
  journal={arXiv preprint arXiv:1412.6980},
  year={2014}
}

@inproceedings{cubuk2020randaugment,
  title={Randaugment: Practical automated data augmentation with a reduced search space},
  author={Cubuk, Ekin D and Zoph, Barret and Shlens, Jonathon and Le, Quoc V},
  booktitle={Proceedings of the IEEE/CVF conference on computer vision and pattern recognition workshops},
  pages={702--703},
  year={2020}
}

@article{zhang2017mixup,
  title={mixup: Beyond empirical risk minimization},
  author={Zhang, Hongyi and Cisse, Moustapha and Dauphin, Yann N and Lopez-Paz, David},
  journal={arXiv preprint arXiv:1710.09412},
  year={2017}
}

@inproceedings{tay2021synthesizer,
  title={Synthesizer: Rethinking self-attention for transformer models},
  author={Tay, Yi and Bahri, Dara and Metzler, Donald and Juan, Da-Cheng and Zhao, Zhe and Zheng, Che},
  booktitle={International conference on machine learning},
  pages={10183--10192},
  year={2021},
  organization={PMLR}
}

@article{liu2021gmlp,
  title={Pay attention to mlps},
  author={Liu, Hanxiao and Dai, Zihang and So, David and Le, Quoc V},
  journal={Advances in Neural Information Processing Systems},
  volume={34},
  pages={9204--9215},
  year={2021}
}

@article{melas2021you,
  title={Do you even need attention? a stack of feed-forward layers does surprisingly well on imagenet},
  author={Melas-Kyriazi, Luke},
  journal={arXiv preprint arXiv:2105.02723},
  year={2021}
}

@article{tay2020efficient,
  title={Efficient transformers: A survey},
  author={Tay, Yi and Dehghani, Mostafa and Bahri, Dara and Metzler, Donald},
  journal={ACM Computing Surveys (CSUR)},
  year={2020},
  publisher={ACM New York, NY}
}

@article{hendrycks2016gaussian,
  title={Gaussian error linear units (gelus)},
  author={Hendrycks, Dan and Gimpel, Kevin},
  journal={arXiv preprint arXiv:1606.08415},
  year={2016}
}


@article{hu2019gine,
  title={Strategies for pre-training graph neural networks},
  author={Hu, Weihua and Liu, Bowen and Gomes, Joseph and Zitnik, Marinka and Liang, Percy and Pande, Vijay and Leskovec, Jure},
  journal={arXiv preprint arXiv:1905.12265},
  year={2019}
}

@article{bresson2017gatedgcn,
  title={Residual gated graph convnets},
  author={Bresson, Xavier and Laurent, Thomas},
  journal={arXiv preprint arXiv:1711.07553},
  year={2017}
}

@article{shi2020masked,
  title={Masked label prediction: Unified message passing model for semi-supervised classification},
  author={Shi, Yunsheng and Huang, Zhengjie and Feng, Shikun and Zhong, Hui and Wang, Wenjin and Sun, Yu},
  journal={arXiv preprint arXiv:2009.03509},
  year={2020}
}

@inproceedings{murphy2019relational,
  title={Relational pooling for graph representations},
  author={Murphy, Ryan and Srinivasan, Balasubramaniam and Rao, Vinayak and Ribeiro, Bruno},
  booktitle={International Conference on Machine Learning},
  pages={4663--4673},
  year={2019},
  organization={PMLR}
}


@article{dwivedi2022long,
  title={Long range graph benchmark},
  author={Dwivedi, Vijay Prakash and Ramp{\'a}{\v{s}}ek, Ladislav and Galkin, Mikhail and Parviz, Ali and Wolf, Guy and Luu, Anh Tuan and Beaini, Dominique},
  journal={arXiv preprint arXiv:2206.08164},
  year={2022}
}


@article{singh2016satpdb,
  title={SATPdb: a database of structurally annotated therapeutic peptides},
  author={Singh, Sandeep and Chaudhary, Kumardeep and Dhanda, Sandeep Kumar and Bhalla, Sherry and Usmani, Salman Sadullah and Gautam, Ankur and Tuknait, Abhishek and Agrawal, Piyush and Mathur, Deepika and Raghava, Gajendra PS},
  journal={Nucleic acids research},
  volume={44},
  number={D1},
  pages={D1119--D1126},
  year={2016},
  publisher={Oxford University Press}
}

@inproceedings{balcilar2021breaking,
  title={Breaking the limits of message passing graph neural networks},
  author={Balcilar, Muhammet and H{\'e}roux, Pierre and Gauzere, Benoit and Vasseur, Pascal and Adam, S{\'e}bastien and Honeine, Paul},
  booktitle={International Conference on Machine Learning},
  pages={599--608},
  year={2021},
  organization={PMLR}
}

@article{EXP,
  title={The surprising power of graph neural networks with random node initialization},
  author={Abboud, Ralph and Ceylan, Ismail Ilkan and Grohe, Martin and Lukasiewicz, Thomas},
  journal={arXiv preprint arXiv:2010.01179},
  year={2020}
}

@article{feng2022powerful,
  title={How Powerful are K-hop Message Passing Graph Neural Networks},
  author={Feng, Jiarui and Chen, Yixin and Li, Fuhai and Sarkar, Anindya and Zhang, Muhan},
  journal={arXiv preprint arXiv:2205.13328},
  year={2022}
}

@article{rong2019dropedge,
  title={Dropedge: Towards deep graph convolutional networks on node classification},
  author={Rong, Yu and Huang, Wenbing and Xu, Tingyang and Huang, Junzhou},
  journal={arXiv preprint arXiv:1907.10903},
  year={2019}
}

@article{han2022gmixup,
  title={G-Mixup: Graph Data Augmentation for Graph Classification},
  author={Han, Xiaotian and Jiang, Zhimeng and Liu, Ninghao and Hu, Xia},
  journal={arXiv preprint arXiv:2202.07179},
  year={2022}
}

@article{kwon2021asam,
  title={ASAM: Adaptive Sharpness-Aware Minimization for Scale-Invariant Learning of Deep Neural Networks},
  author={Kwon, Jungmin and Kim, Jeongseop and Park, Hyunseo and Choi, In Kwon},
  journal={arXiv preprint arXiv:2102.11600},
  year={2021}
}


@inproceedings{langley00,
 author    = {P. Langley},
 title     = {Crafting Papers on Machine Learning},
 year      = {2000},
 pages     = {1207--1216},
 editor    = {Pat Langley},
 booktitle     = {Proceedings of the 17th International Conference
              on Machine Learning (ICML 2000)},
 address   = {Stanford, CA},
 publisher = {Morgan Kaufmann}
}

@TechReport{mitchell80,
  author = 	 "T. M. Mitchell",
  title = 	 "The Need for Biases in Learning Generalizations",
  institution =  "Computer Science Department, Rutgers University",
  year = 	 "1980",
  address =	 "New Brunswick, MA",
}

@phdthesis{kearns89,
  author = {M. J. Kearns},
  title =  {Computational Complexity of Machine Learning},
  school = {Department of Computer Science, Harvard University},
  year =   {1989}
}

@Book{MachineLearningI,
  editor = 	 "R. S. Michalski and J. G. Carbonell and T.
		  M. Mitchell",
  title = 	 "Machine Learning: An Artificial Intelligence
		  Approach, Vol. I",
  publisher = 	 "Tioga",
  year = 	 "1983",
  address =	 "Palo Alto, CA"
}

@Book{DudaHart2nd,
  author =       "R. O. Duda and P. E. Hart and D. G. Stork",
  title =        "Pattern Classification",
  publisher =    "John Wiley and Sons",
  edition =      "2nd",
  year =         "2000"
}

@misc{anonymous,
  title= {Suppressed for Anonymity},
  author= {Author, N. N.},
  year= {2021}
}

@InCollection{Newell81,
  author =       "A. Newell and P. S. Rosenbloom",
  title =        "Mechanisms of Skill Acquisition and the Law of
                  Practice", 
  booktitle =    "Cognitive Skills and Their Acquisition",
  pages =        "1--51",
  publisher =    "Lawrence Erlbaum Associates, Inc.",
  year =         "1981",
  editor =       "J. R. Anderson",
  chapter =      "1",
  address =      "Hillsdale, NJ"
}


@Article{Samuel59,
  author = 	 "A. L. Samuel",
  title = 	 "Some Studies in Machine Learning Using the Game of
		  Checkers",
  journal =	 "IBM Journal of Research and Development",
  year =	 "1959",
  volume =	 "3",
  number =	 "3",
  pages =	 "211--229"
}




@misc{
kuang2022coarformer,
title={Coarformer: Transformer for large graph via graph coarsening},
author={Weirui Kuang and Zhen WANG and Yaliang Li and Zhewei Wei and Bolin Ding},
year={2022},
url={https://openreview.net/forum?id=fkjO_FKVzw}
}

@article{shirzad2023exphormer,
  title={Exphormer: Sparse Transformers for Graphs},
  author={Shirzad, Hamed and Velingker, Ameya and Venkatachalam, Balaji and Sutherland, Danica J and Sinop, Ali Kemal},
  journal={arXiv preprint arXiv:2303.06147},
  year={2023}
}

@article{zhang2022hierarchical_ANSGT,
  title={Hierarchical Graph Transformer with Adaptive Node Sampling},
  author={Zhang, Zaixi and Liu, Qi and Hu, Qingyong and Lee, Chee-Kong},
  journal={arXiv preprint arXiv:2210.03930},
  year={2022}
}

@article{chen2022nagphormer,
  title={NAGphormer: Neighborhood Aggregation Graph Transformer for Node Classification in Large Graphs},
  author={Chen, Jinsong and Gao, Kaiyuan and Li, Gaichao and He, Kun},
  journal={arXiv preprint arXiv:2206.04910},
  year={2022}
}

@article{freitas2020large_malnet,
  title={A large-scale database for graph representation learning},
  author={Freitas, Scott and Dong, Yuxiao and Neil, Joshua and Chau, Duen Horng},
  journal={arXiv preprint arXiv:2011.07682},
  year={2020}
}