@String(PAMI = {IEEE Trans. Pattern Anal. Mach. Intell.})
@String(IJCV = {Int. J. Comput. Vis.})
@String(CVPR= {IEEE Conf. Comput. Vis. Pattern Recog.})
@String(ICCV= {Int. Conf. Comput. Vis.})
@String(ECCV= {Eur. Conf. Comput. Vis.})
@String(NIPS= {Adv. Neural Inform. Process. Syst.})
@String(ICPR = {Int. Conf. Pattern Recog.})
@String(BMVC= {Brit. Mach. Vis. Conf.})
@String(TOG= {ACM Trans. Graph.})
@String(TIP  = {IEEE Trans. Image Process.})
@String(TVCG  = {IEEE Trans. Vis. Comput. Graph.})
@String(TMM  = {IEEE Trans. Multimedia})
@String(ACMMM= {ACM Int. Conf. Multimedia})
@String(ICME = {Int. Conf. Multimedia and Expo})
@String(ICASSP=	{ICASSP})
@String(ICIP = {IEEE Int. Conf. Image Process.})
@String(ACCV  = {ACCV})
@String(ICLR = {Int. Conf. Learn. Represent.})
@String(IJCAI = {IJCAI})
@String(PR   = {Pattern Recognition})
@String(AAAI = {AAAI})
@String(CVPRW= {IEEE Conf. Comput. Vis. Pattern Recog. Worksh.})
@String(CSVT = {IEEE Trans. Circuit Syst. Video Technol.})

@String(SPL	= {IEEE Sign. Process. Letters})
@String(VR   = {Vis. Res.})
@String(JOV	 = {J. Vis.})
@String(TVC  = {The Vis. Comput.})
@String(JCST  = {J. Comput. Sci. Tech.})
@String(CGF  = {Comput. Graph. Forum})
@String(CVM = {Computational Visual Media})


@String(PAMI  = {IEEE TPAMI})
@String(IJCV  = {IJCV})
@String(CVPR  = {CVPR})
@String(ICCV  = {ICCV})
@String(ECCV  = {ECCV})
@String(NIPS  = {NeurIPS})
@String(ICPR  = {ICPR})
@String(BMVC  =	{BMVC})
@String(TOG   = {ACM TOG})
@String(TIP   = {IEEE TIP})
@String(TVCG  = {IEEE TVCG})
@String(TCSVT = {IEEE TCSVT})
@String(TMM   =	{IEEE TMM})
@String(ACMMM = {ACM MM})
@String(ICME  =	{ICME})
@String(ICASSP=	{ICASSP})
@String(ICIP  = {ICIP})
@String(ACCV  = {ACCV})
@String(ICLR  = {ICLR})
@String(IJCAI = {IJCAI})
@String(PR = {PR})
@String(AAAI = {AAAI})
@String(CVPRW= {CVPRW})
@String(CSVT = {IEEE TCSVT})


@inproceedings{zhaodc,
  title={Dataset Condensation with Gradient Matching},
  author={Zhao, Bo and Mopuri, Konda Reddy and Bilen, Hakan},
  booktitle={International Conference on Learning Representations},
  year={2020}
}

@inproceedings{zhaodsa,
  title={Dataset condensation with differentiable siamese augmentation},
  author={Zhao, Bo and Bilen, Hakan},
  booktitle={International Conference on Machine Learning},
  pages={12674--12685},
  year={2021},
  organization={PMLR}
}

@article{zhaodm,
  title={Dataset Condensation with Distribution Matching},
  author={Zhao, Bo and Bilen, Hakan},
  journal={arXiv preprint arXiv:2110.04181},
  year={2021}
}

@article{wang2018dataset,
  title={Dataset distillation},
  author={Wang, Tongzhou and Zhu, Jun-Yan and Torralba, Antonio and Efros, Alexei A},
  journal={arXiv preprint arXiv:1811.10959},
  year={2018}
}

@article{coleman2019selection,
  title={Selection via proxy: Efficient data selection for deep learning},
  author={Coleman, Cody and Yeh, Christopher and Mussmann, Stephen and Mirzasoleiman, Baharan and Bailis, Peter and Liang, Percy and Leskovec, Jure and Zaharia, Matei},
  journal={arXiv preprint arXiv:1906.11829},
  year={2019}
}

@article{toneva2018empirical,
  title={An empirical study of example forgetting during deep neural network learning},
  author={Toneva, Mariya and Sordoni, Alessandro and Combes, Remi Tachet des and Trischler, Adam and Bengio, Yoshua and Gordon, Geoffrey J},
  journal={arXiv preprint arXiv:1812.05159},
  year={2018}
}

@inproceedings{mirzasoleiman2020coresets,
  title={Coresets for data-efficient training of machine learning models},
  author={Mirzasoleiman, Baharan and Bilmes, Jeff and Leskovec, Jure},
  booktitle={International Conference on Machine Learning},
  pages={6950--6960},
  year={2020},
  organization={PMLR}
}

@article{cazenavette2022dataset,
  title={Dataset distillation by matching training trajectories},
  author={Cazenavette, George and Wang, Tongzhou and Torralba, Antonio and Efros, Alexei A and Zhu, Jun-Yan},
  journal={arXiv preprint arXiv:2203.11932},
  year={2022}
}

@article{krizhevsky2009learning,
  title={Learning multiple layers of features from tiny images},
  author={Krizhevsky, Alex and Hinton, Geoffrey and others},
  year={2009},
  publisher={Citeseer}
}

@inproceedings{cubuk2020randaugment,
  title={Randaugment: Practical automated data augmentation with a reduced search space},
  author={Cubuk, Ekin D and Zoph, Barret and Shlens, Jonathon and Le, Quoc V},
  booktitle={Proceedings of the IEEE/CVF Conference on Computer Vision and Pattern Recognition Workshops},
  pages={702--703},
  year={2020}
}

@article{cubuk2018autoaugment,
  title={Autoaugment: Learning augmentation policies from data},
  author={Cubuk, Ekin D and Zoph, Barret and Mane, Dandelion and Vasudevan, Vijay and Le, Quoc V},
  journal={arXiv preprint arXiv:1805.09501},
  year={2018}
}

@article{dong2020bench,
  title={Nas-bench-201: Extending the scope of reproducible neural architecture search},
  author={Dong, Xuanyi and Yang, Yi},
  journal={arXiv preprint arXiv:2001.00326},
  year={2020}
}

@article{lloyd1982least,
  title={Least squares quantization in PCM},
  author={Lloyd, Stuart},
  journal={IEEE transactions on information theory},
  volume={28},
  number={2},
  pages={129--137},
  year={1982},
  publisher={IEEE}
}

@article{krizhevsky2012imagenet,
  title={Imagenet classification with deep convolutional neural networks},
  author={Krizhevsky, Alex and Sutskever, Ilya and Hinton, Geoffrey E},
  journal={Advances in neural information processing systems},
  volume={25},
  year={2012}
}

@inproceedings{he2016deep,
  title={Deep residual learning for image recognition},
  author={He, Kaiming and Zhang, Xiangyu and Ren, Shaoqing and Sun, Jian},
  booktitle={Proceedings of the IEEE conference on computer vision and pattern recognition},
  pages={770--778},
  year={2016}
}

@article{ulyanov2016instance,
  title={Instance normalization: The missing ingredient for fast stylization},
  author={Ulyanov, Dmitry and Vedaldi, Andrea and Lempitsky, Victor},
  journal={arXiv preprint arXiv:1607.08022},
  year={2016}
}

@article{le2015tiny,
  title={Tiny imagenet visual recognition challenge},
  author={Le, Ya and Yang, Xuan}
}

@inproceedings{chen2010super,
  title={Super-samples from kernel herding},
  author={Chen, Yutian and Welling, Max and Smola, Alex},
  booktitle={Proceedings of the Twenty-Sixth Conference on Uncertainty in Artificial Intelligence},
  pages={109--116},
  year={2010}
}

@inproceedings{rebuffi2017icarl,
  title={icarl: Incremental classifier and representation learning},
  author={Rebuffi, Sylvestre-Alvise and Kolesnikov, Alexander and Sperl, Georg and Lampert, Christoph H},
  booktitle={Proceedings of the IEEE conference on Computer Vision and Pattern Recognition},
  pages={2001--2010},
  year={2017}
}

@inproceedings{castro2018end,
  title={End-to-end incremental learning},
  author={Castro, Francisco M and Mar{\'\i}n-Jim{\'e}nez, Manuel J and Guil, Nicol{\'a}s and Schmid, Cordelia and Alahari, Karteek},
  booktitle={Proceedings of the European conference on computer vision (ECCV)},
  pages={233--248},
  year={2018}
}

@inproceedings{belouadah2020scail,
  title={Scail: Classifier weights scaling for class incremental learning},
  author={Belouadah, Eden and Popescu, Adrian},
  booktitle={Proceedings of the IEEE/CVF Winter Conference on Applications of Computer Vision},
  pages={1266--1275},
  year={2020}
}

@article{kingma2014adam,
  title={Adam: A method for stochastic optimization},
  author={Kingma, Diederik P and Ba, Jimmy},
  journal={arXiv preprint arXiv:1412.6980},
  year={2014}
}

@inproceedings{NIPS2014_5ca3e9b1,
 author = {Goodfellow, Ian and Pouget-Abadie, Jean and Mirza, Mehdi and Xu, Bing and Warde-Farley, David and Ozair, Sherjil and Courville, Aaron and Bengio, Yoshua},
 booktitle = {Advances in Neural Information Processing Systems},
 editor = {Z. Ghahramani and M. Welling and C. Cortes and N. Lawrence and K.Q. Weinberger},
 pages = {},
 publisher = {Curran Associates, Inc.},
 title = {Generative Adversarial Nets},
 url = {https://proceedings.neurips.cc/paper/2014/file/5ca3e9b122f61f8f06494c97b1afccf3-Paper.pdf},
 volume = {27},
 year = {2014}
}

@article{devries2017improved,
  title={Improved regularization of convolutional neural networks with cutout},
  author={DeVries, Terrance and Taylor, Graham W},
  journal={arXiv preprint arXiv:1708.04552},
  year={2017}
}

@article{simonyan2014very,
  title={Very deep convolutional networks for large-scale image recognition},
  author={Simonyan, Karen and Zisserman, Andrew},
  journal={arXiv preprint arXiv:1409.1556},
  year={2014}
}

@inproceedings{szegedy2015going,
  title={Going deeper with convolutions},
  author={Szegedy, Christian and Liu, Wei and Jia, Yangqing and Sermanet, Pierre and Reed, Scott and Anguelov, Dragomir and Erhan, Dumitru and Vanhoucke, Vincent and Rabinovich, Andrew},
  booktitle={Proceedings of the IEEE conference on computer vision and pattern recognition},
  pages={1--9},
  year={2015}
}

@inproceedings{deng2009imagenet,
  title={Imagenet: A large-scale hierarchical image database},
  author={Deng, Jia and Dong, Wei and Socher, Richard and Li, Li-Jia and Li, Kai and Fei-Fei, Li},
  booktitle={2009 IEEE conference on computer vision and pattern recognition},
  pages={248--255},
  year={2009},
  organization={Ieee}
}

@inproceedings{ulyanov2017improved,
  title={Improved texture networks: Maximizing quality and diversity in feed-forward stylization and texture synthesis},
  author={Ulyanov, Dmitry and Vedaldi, Andrea and Lempitsky, Victor},
  booktitle={Proceedings of the IEEE conference on computer vision and pattern recognition},
  pages={6924--6932},
  year={2017}
}

%%%% templates
@incollection{Bengio+chapter2007,
author = {Bengio, Yoshua and LeCun, Yann},
booktitle = {Large Scale Kernel Machines},
publisher = {MIT Press},
title = {Scaling Learning Algorithms Towards {AI}},
year = {2007}
}

@article{Hinton06,
author = {Hinton, Geoffrey E. and Osindero, Simon and Teh, Yee Whye},
journal = {Neural Computation},
pages = {1527--1554},
title = {A Fast Learning Algorithm for Deep Belief Nets},
volume = {18},
year = {2006}
}

@book{goodfellow2016deep,
title={Deep learning},
author={Goodfellow, Ian and Bengio, Yoshua and Courville, Aaron and Bengio, Yoshua},
volume={1},
year={2016},
publisher={MIT Press}
}

@inproceedings{nasbench201,
  title     = {NAS-Bench-201: Extending the Scope of Reproducible Neural Architecture Search},
  author    = {Dong, Xuanyi and Yang, Yi},
  booktitle = {International Conference on Learning Representations (ICLR)},
  year      = {2020}
}

@inproceedings{darts,
title={{DARTS}: Differentiable Architecture Search},
author={Liu, Hanxiao and Simonyan, Karen and Yang, Yiming},
booktitle={International Conference on Learning Representations},
year={2019}
}

@inproceedings{rdarts,
title={Understanding and Robustifying Differentiable Architecture Search},
author={Arber Zela and Thomas Elsken and Tonmoy Saikia and Yassine Marrakchi and Thomas Brox and Frank Hutter},
booktitle={International Conference on Learning Representations},
year={2020}
}

@InProceedings{sdarts, title = {Stabilizing Differentiable Architecture Search via Perturbation-based Regularization}, author = {Chen, Xiangning and Hsieh, Cho-Jui}, booktitle = {Proceedings of the 37th International Conference on Machine Learning}, pages = {1554--1565}, year = {2020}, editor = {Hal Daumé III and Aarti Singh}, volume = {119}, series = {Proceedings of Machine Learning Research}, month = {13--18 Jul}, publisher = {PMLR}, pdf = {http://proceedings.mlr.press/v119/chen20f/chen20f.pdf}, url = { http://proceedings.mlr.press/v119/chen20f.html }}

@inproceedings{snas,
title={{SNAS}: stochastic neural architecture search},
author={Sirui Xie and Hehui Zheng and Chunxiao Liu and Liang Lin},
booktitle={International Conference on Learning Representations},
year={2019},
}

@inproceedings{enas,
title = {Efficient Neural Architecture Search via Parameters Sharing},
author = {Pham, Hieu and Guan, Melody and Zoph, Barret and Le, Quoc and Dean, Jeff},
booktitle = {Proceedings of the 35th International Conference on Machine Learning},
pages = {4095--4104},
year = {2018},
editor = {Dy, Jennifer and Krause, Andreas},
volume = {80},
series = {Proceedings of Machine Learning Research},
address = {Stockholmsmässan, Stockholm Sweden},
publisher = {PMLR}
}

@inproceedings{gdas,
title={Searching for A Robust Neural Architecture in Four GPU Hours},
author={Dong, Xuanyi and Yang, Yi},
booktitle={Proceedings of the IEEE Conference on Computer Vision and Pattern Recognition (CVPR)},
pages={1761--1770},
year={2019}
}

@misc{randomnas,
title={Random Search and Reproducibility for Neural Architecture Search},
author={Li, Liam and Talwalkar, Ameet},
year={2019},
eprint={1902.07638},
archivePrefix={arXiv},
primaryClass={cs.LG}
}

@inproceedings{sgas,
title={SGAS: Sequential Greedy Architecture Search},
author={Li, Guohao and Qian, Guocheng and Delgadillo, Itzel C. and Muller, Matthias and Thabet, Ali and Ghanem, Bernard},
booktitle={Proceedings of the IEEE Conference on Computer Vision and Pattern Recognition (CVPR)},
pages={1620-1630},
year={2020}
}

@inproceedings{unrolled,
  title     = {Highway and Residual Networks learn Unrolled Iterative Estimation},
  author    = {Greff, Klaus and Srivastava, Rupesh K. and Schmidhuber, Jürgen},
  booktitle = {International Conference on Learning Representations (ICLR)},
  year      = {2017}
}

@incollection{ensemble,
title = {Residual Networks Behave Like Ensembles of Relatively Shallow Networks},
author = {Veit, Andreas and Wilber, Michael and Belongie, Serge},
booktitle = {Advances in Neural Information Processing Systems 29},
editor = {S. Bengio and H. Wallach and H. Larochelle and K. Grauman and N. Cesa-Bianchi and R. Garnett},
pages = {550–-558},
year = {2016},
publisher = {Curran Associates, Inc.}
}


@InProceedings{fairdarts,
title={Fair DARTS: Eliminating Unfair Advantages in Differentiable Architecture Search},
author={Chu, Xiangxiang and Zhou, Tianbao and Zhang, Bo and Li, Jixiang},
booktitle = {The European Conference on Computer Vision (ECCV)},
year = {2020}
}

@inproceedings{resnet,
title = {Deep Residual Learning for Image Recognition},
author = {He, Kaiming and Zhang, Xiangyu and Ren, Shaoqing and Sun, Jian},
year = {2016},
month = {06},
pages = {770-778},
booktitle = {IEEE Conference on Computer Vision and Pattern Recognition},
doi = {10.1109/CVPR.2016.90}
}

@inproceedings{highway,
title={Highway Networks},
author={Srivastava, Rupesh Kumar and Greff, Klaus and Schmidhuber, Jürgen},
booktitle = {Proceedings of the 32nd International Conference on Machine Learning Workshop},
year = {2015}
}

@inproceedings{drnas,
title={Dr{NAS}: Dirichlet Neural Architecture Search},
author={Xiangning Chen and Ruochen Wang and Minhao Cheng and Xiaocheng Tang and Cho-Jui Hsieh},
booktitle={International Conference on Learning Representations},
year={2021},
url={https://openreview.net/forum?id=9FWas6YbmB3}
}

@inproceedings{practicalnas,
author = {Zhao Zhong and Junjie Yan and Wei Wu and Jing Shao and Cheng-Lin Liu},
booktitle = {IEEE Conference on Computer Vision and Pattern Recognition, CVPR 2018},
title = {Practical Block-Wise Neural Network Architecture Generation},
year = {2018}
}

@inproceedings{nas,
title	= {Neural Architecture Search with Reinforcement Learning},
author	= {Barret Zoph and Quoc V. Le},
booktitle = {International Conference on Learning Representations (ICLR)},
year	= {2017},
URL	= {https://arxiv.org/abs/1611.01578}
}

@article{nasnet,
title={Learning Transferable Architectures for Scalable Image Recognition},
ISBN={9781538664209},
url={http://dx.doi.org/10.1109/CVPR.2018.00907},
DOI={10.1109/cvpr.2018.00907},
journal={2018 IEEE/CVF Conference on Computer Vision and Pattern Recognition},
publisher={IEEE},
author={Zoph, Barret and Vasudevan, Vijay and Shlens, Jonathon and Le, Quoc V.},
year={2018},
month={Jun}
}

@article{evolving,
author = {Stanley, Kenneth O. and Miikkulainen, Risto},
title = {Evolving Neural Networks through Augmenting Topologies},
journal = {Evolutionary Computation},
volume = {10},
number = {2},
pages = {99-127},
year = {2002},
doi = {10.1162/106365602320169811},
URL = {https://doi.org/10.1162/106365602320169811},
eprint = {https://doi.org/10.1162/106365602320169811}
}

@article{EvolvingDeep,
title={Evolving Deep Neural Networks},
ISBN={9780128154809},
url={http://dx.doi.org/10.1016/B978-0-12-815480-9.00015-3},
DOI={10.1016/b978-0-12-815480-9.00015-3},
journal={Artificial Intelligence in the Age of Neural Networks and Brain Computing},
publisher={Elsevier},
author={Miikkulainen, Risto and Liang, Jason and Meyerson, Elliot and Rawal, Aditya and Fink, Daniel and Francon, Olivier and Raju, Bala and Shahrzad, Hormoz and Navruzyan, Arshak and Duffy, Nigel and et al.},
year={2019},
pages={293–312}
}

@inproceedings{LargeEvolution,
author = {Real, Esteban and Moore, Sherry and Selle, Andrew and Saxena, Saurabh and Suematsu, Yutaka Leon and Tan, Jie and Le, Quoc V. and Kurakin, Alexey},
title = {Large-Scale Evolution of Image Classifiers},
year = {2017},
publisher = {JMLR.org},
booktitle = {Proceedings of the 34th International Conference on Machine Learning - Volume 70},
pages = {2902–2911},
numpages = {10},
location = {Sydney, NSW, Australia},
series = {ICML’17}
}

@misc{HierarchicalEvo,
title={Hierarchical Representations for Efficient Architecture Search},
author={Hanxiao Liu and Karen Simonyan and Oriol Vinyals and Chrisantha Fernando and Koray Kavukcuoglu},
year={2017},
eprint={1711.00436},
archivePrefix={arXiv},
primaryClass={cs.LG}
}

@misc{spos,
    title={Single Path One-Shot Neural Architecture Search with Uniform Sampling},
    author={Zichao Guo and Xiangyu Zhang and Haoyuan Mu and Wen Heng and Zechun Liu and Yichen Wei and Jian Sun},
    year={2019},
    eprint={1904.00420},
    archivePrefix={arXiv},
    primaryClass={cs.CV}
}

@inproceedings{smash,
title={{SMASH}: One-Shot Model Architecture Search through HyperNetworks},
author={Andrew Brock and Theo Lim and J.M. Ritchie and Nick Weston},
booktitle={International Conference on Learning Representations},
year={2018},
url={https://openreview.net/forum?id=rydeCEhs-},
}

@article{cifar10,
title={Learning multiple layers of features from tiny images},
author={Krizhevsky, A. and Hinton, G.},
journal={Master's thesis, Department of Computer Science, University of Toronto},
year={2009},
publisher={Citeseer}
}

@InProceedings{oneshot,
title = {Understanding and Simplifying One-Shot Architecture Search},
author = {Bender, Gabriel and Kindermans, Pieter-Jan and Zoph, Barret and Vasudevan, Vijay and Le, Quoc},
booktitle = {Proceedings of the 35th International Conference on Machine Learning},
pages = {550--559},
year = {2018},
editor = {Dy, Jennifer and Krause, Andreas},
volume = {80},
series = {Proceedings of Machine Learning Research},
address = {Stockholmsmässan, Stockholm Sweden},
publisher = {PMLR},
pdf = {http://proceedings.mlr.press/v80/bender18a/bender18a.pdf},
url = {http://proceedings.mlr.press/v80/bender18a.html},
}

@inproceedings{pcdarts,
title={{PC}-{DARTS}: Partial Channel Connections for Memory-Efficient Architecture Search},
author={Yuhui Xu and Lingxi Xie and Xiaopeng Zhang and Xin Chen and Guo-Jun Qi and Qi Tian and Hongkai Xiong},
booktitle={International Conference on Learning Representations},
year={2020},
url={https://openreview.net/forum?id=BJlS634tPr}
}

@inproceedings{pdarts,
  title={Progressive differentiable architecture search: Bridging the depth gap between search and evaluation},
  author={Chen, Xin and Xie, Lingxi and Wu, Jun and Tian, Qi},
  booktitle={Proceedings of the IEEE International Conference on Computer Vision},
  pages={1294--1303},
  year={2019}
}

@inproceedings{BayesNAS,
author={Hongpeng Zhou and Minghao Yang and Jun Wang and Wei Pan},
title={BayesNAS: A Bayesian Approach for Neural Architecture Search},
year={2019},
cdate={1546300800000},
pages={7603-7613},
url={http://proceedings.mlr.press/v97/zhou19e.html},
booktitle={ICML},
}

@inproceedings{proxylessnas,
title={Proxyless{NAS}: Direct Neural Architecture Search on Target Task and Hardware},
author={Han Cai and Ligeng Zhu and Song Han},
booktitle={International Conference on Learning Representations},
year={2019},
url={https://openreview.net/forum?id=HylVB3AqYm},
}

@article{amoebanet,
title={Regularized Evolution for Image Classifier Architecture Search},
volume={33},
ISSN={2159-5399},
url={http://dx.doi.org/10.1609/aaai.v33i01.33014780},
DOI={10.1609/aaai.v33i01.33014780},
journal={Proceedings of the AAAI Conference on Artificial Intelligence},
publisher={Association for the Advancement of Artificial Intelligence (AAAI)},
author={Real, Esteban and Aggarwal, Alok and Huang, Yanping and Le, Quoc V.},
year={2019},
month={Jul},
pages={4780–4789}
}

@article{densenet,
title={Densely Connected Convolutional Networks},
ISBN={9781538604571},
url={http://dx.doi.org/10.1109/CVPR.2017.243},
DOI={10.1109/cvpr.2017.243},
journal={2017 IEEE Conference on Computer Vision and Pattern Recognition (CVPR)},
publisher={IEEE},
author={Huang, Gao and Liu, Zhuang and Maaten, Laurens van der and Weinberger, Kilian Q.},
year={2017},
month={Jul}
}

@article{pnas,
title={Progressive Neural Architecture Search},
author={Liu, Chenxi and Zoph, Barret and Neumann, Maxim and Shlens, Jonathon and Hua, Wei and Li, Li-Jia and Fei-Fei, Li and Yuille, Alan and Huang, Jonathan and Murphy, Kevin},
journal={Lecture Notes in Computer Science},
pages={19–35},
year={2018},
}

@article{pyramidnet,
title={Deep Pyramidal Residual Networks},
journal={2017 IEEE Conference on Computer Vision and Pattern Recognition (CVPR)},
author={Han, Dongyoon and Kim, Jiwhan and Kim, Junmo},
year={2017},
month={Jul}
}

@inproceedings{nasp,
title={Efficient Neural Architecture Search via Proximal Iterations},
author={Quanming Yao and Ju Xu and Wei-Wei Tu and Zhanxing Zhu},
booktitle={AAAI},
year={2020}
}

@incollection{nao,
title = {Neural Architecture Optimization},
author = {Luo, Renqian and Tian, Fei and Qin, Tao and Chen, Enhong and Liu, Tie-Yan},
booktitle = {Advances in Neural Information Processing Systems 31},
editor = {S. Bengio and H. Wallach and H. Larochelle and K. Grauman and N. Cesa-Bianchi and R. Garnett},
pages = {7816--7827},
year = {2018},
publisher = {Curran Associates, Inc.},
url = {http://papers.nips.cc/paper/8007-neural-architecture-optimization.pdf}
}


@inproceedings{dcbench, 
title={
DC-BENCH: Dataset Condensation Benchmark}, 
author={Justin Cui and Ruochen Wang and Si Si and Cho-Jui Hsieh}, 
booktitle={NeurIPS (Dataset and Benchmark)}, 
year={2022}
}

@misc{stacnas,
title={StacNAS: Towards Stable and Consistent Differentiable Neural Architecture Search},
author={Guilin Li and Xing Zhang and Zitong Wang and Zhenguo Li and Tong Zhang},
year={2019},
eprint={1909.11926},
archivePrefix={arXiv},
primaryClass={cs.LG}
}

@misc{hwdarts,
title={Stabilizing DARTS with Amended Gradient Estimation on Architectural Parameters},
author={Kaifeng Bi and Changping Hu and Lingxi Xie and Xin Chen and Longhui Wei and Qi Tian},
year={2019},
eprint={1910.11831},
archivePrefix={arXiv},
primaryClass={cs.LG}
}

@misc{xiong2022FedDM,
title={FedDM: Iterative Distribution Matching for Communication-Efficient Federated Learning},
author={Yuanhao Xiong and Ruochen Wang and Minhao Cheng and Felix Yu and Cho-Jui Hsieh},
year={2022},
eprint={2207.09653},
archivePrefix={arXiv},
primaryClass={cs.LG}
}

@misc{dartsplus,
title={DARTS+: Improved Differentiable Architecture Search with Early Stopping},
author={Hanwen Liang and Shifeng Zhang and Jiacheng Sun and Xingqiu He and Weiran Huang and Kechen Zhuang and Zhenguo Li},
year={2019},
eprint={1909.06035},
archivePrefix={arXiv},
primaryClass={cs.LG}
}

@article{zhou2020distilled,
  title={Distilled one-shot federated learning},
  author={Zhou, Yanlin and Pu, George and Ma, Xiyao and Li, Xiaolin and Wu, Dapeng},
  journal={arXiv preprint arXiv:2009.07999},
  year={2020}
}

@inproceedings{wang2021rethinking,
  title={Rethinking Architecture Selection in Differentiable NAS},
  author={Wang, Ruochen and Cheng, Minhao and Chen, Xiangning and Tang, Xiaocheng and Hsieh, Cho-Jui},
  booktitle={International Conference on Learning Representation},
  year={2021}
}

@article{radford2015unsupervised,
  title={Unsupervised representation learning with deep convolutional generative adversarial networks},
  author={Radford, Alec and Metz, Luke and Chintala, Soumith},
  journal={arXiv preprint arXiv:1511.06434},
  year={2015}
}

@inproceedings{such2020generative,
  title={Generative teaching networks: Accelerating neural architecture search by learning to generate synthetic training data},
  author={Such, Felipe Petroski and Rawal, Aditya and Lehman, Joel and Stanley, Kenneth and Clune, Jeffrey},
  booktitle={International Conference on Machine Learning},
  pages={9206--9216},
  year={2020},
  organization={PMLR}
}

@article{lecun1998gradient,
  title={Gradient-based learning applied to document recognition},
  author={LeCun, Yann and Bottou, L{\'e}on and Bengio, Yoshua and Haffner, Patrick},
  journal={Proceedings of the IEEE},
  volume={86},
  number={11},
  pages={2278--2324},
  year={1998},
  publisher={Ieee}
}

@article{xiao2017fashion,
  title={Fashion-mnist: a novel image dataset for benchmarking machine learning algorithms},
  author={Xiao, Han and Rasul, Kashif and Vollgraf, Roland},
  journal={arXiv preprint arXiv:1708.07747},
  year={2017}
}

@article{tran2020towards,
  title={Towards good practices for data augmentation in gan training},
  author={Tran, Ngoc-Trung and Tran, Viet-Hung and Nguyen, Ngoc-Bao and Nguyen, Trung-Kien and Cheung, Ngai-Man},
  journal={arXiv preprint arXiv:2006.05338},
  volume={2},
  pages={3},
  year={2020}
}

@article{zhao2020differentiable,
  title={Differentiable augmentation for data-efficient gan training},
  author={Zhao, Shengyu and Liu, Zhijian and Lin, Ji and Zhu, Jun-Yan and Han, Song},
  journal={Advances in Neural Information Processing Systems},
  volume={33},
  pages={7559--7570},
  year={2020}
}

@article{wolf2011facility,
  title={Facility location: concepts, models, algorithms and case studies. Series: Contributions to Management Science},
  author={Wolf, Gert W},
  journal={International Journal of Geographical Information Science},
  volume={25},
  number={2},
  pages={331--333},
  year={2011},
  publisher={Taylor \& Francis, Inc. Bristol, PA, USA}
}

@article{sener2017active,
  title={Active learning for convolutional neural networks: A core-set approach},
  author={Sener, Ozan and Savarese, Silvio},
  journal={arXiv preprint arXiv:1708.00489},
  year={2017}
}

@article{inoue2018data,
  title={Data augmentation by pairing samples for images classification},
  author={Inoue, Hiroshi},
  journal={arXiv preprint arXiv:1801.02929},
  year={2018}
}

@inproceedings{gmnas,
  title={Generalizing Few-Shot NAS with Gradient Matching},
  author={Hu, Shoukang and Wang, Ruochen and Lanqing, HONG and Li, Zhenguo and Hsieh, Cho-Jui and Feng, Jiashi},
  booktitle={International Conference on Learning Representations},
  year={2021}
}

@article{netzer2011reading,
  title={Reading digits in natural images with unsupervised feature learning},
  author={Netzer, Yuval and Wang, Tao and Coates, Adam and Bissacco, Alessandro and Wu, Bo and Ng, Andrew Y},
  year={2011}
}

@inproceedings{ranknosh,
  title={{RANK-NOSH}: Efficient Predictor-Based Architecture Search via Non-Uniform Successive Halving},
  author={Ruochen Wang and Xiangning Chen and Minhao Cheng and Xiaocheng Tang and Cho-Jui Hsieh},
  booktitle={ICCV},
  year={2021}
}

@article{toneva2018empirical,
  title={An empirical study of example forgetting during deep neural network learning},
  author={Toneva, Mariya and Sordoni, Alessandro and Combes, Remi Tachet des and Trischler, Adam and Bengio, Yoshua and Gordon, Geoffrey J},
  journal={arXiv preprint arXiv:1812.05159},
  year={2018}
}

@article{bergstra2012random,
  title={Random search for hyper-parameter optimization.},
  author={Bergstra, James and Bengio, Yoshua},
  journal={Journal of machine learning research},
  volume={13},
  number={2},
  year={2012}
}

@article{elsken2019neural,
  title={Neural architecture search: A survey},
  author={Elsken, Thomas and Metzen, Jan Hendrik and Hutter, Frank},
  journal={The Journal of Machine Learning Research},
  volume={20},
  number={1},
  pages={1997--2017},
  year={2019},
  publisher={JMLR. org}
}

@inproceedings{ying2019bench,
  title={Nas-bench-101: Towards reproducible neural architecture search},
  author={Ying, Chris and Klein, Aaron and Christiansen, Eric and Real, Esteban and Murphy, Kevin and Hutter, Frank},
  booktitle={International Conference on Machine Learning},
  pages={7105--7114},
  year={2019},
  organization={PMLR}
}

@inproceedings{nguyen2020dataset,
  title={Dataset Meta-Learning from Kernel Ridge-Regression},
  author={Nguyen, Timothy and Chen, Zhourong and Lee, Jaehoon},
  booktitle={International Conference on Learning Representations},
  year={2020}
}

@inproceedings{nguyen2021dataset,
  title={Dataset Distillation with Infinitely Wide Convolutional Networks},
  author={Nguyen, Timothy and Novak, Roman and Xiao, Lechao and Lee, Jaehoon},
  booktitle={Advances in Neural Information Processing Systems},
  year={2021}
}

@article{tsang2005core,
  title={Core vector machines: Fast SVM training on very large data sets.},
  author={Tsang, Ivor W and Kwok, James T and Cheung, Pak-Ming and Cristianini, Nello},
  journal={Journal of Machine Learning Research},
  volume={6},
  number={4},
  year={2005}
}

@article{har2005smaller,
  title={Smaller Coresets for k-Median and k-Means Clustering Symposium on Computational Geometry},
  author={Har-Peled, Sariel and Kushal, Akash},
  journal={Google Scholar Google Scholar Digital Library Digital Library},
  year={2005}
}

@inproceedings{sener2018active,
  title={Active Learning for Convolutional Neural Networks: A Core-Set Approach},
  author={Sener, Ozan and Savarese, Silvio},
  booktitle={International Conference on Learning Representations},
  year={2018}
}

@article{dosovitskiy2020image,
  title={An image is worth 16x16 words: Transformers for image recognition at scale},
  author={Dosovitskiy, Alexey and Beyer, Lucas and Kolesnikov, Alexander and Weissenborn, Dirk and Zhai, Xiaohua and Unterthiner, Thomas and Dehghani, Mostafa and Minderer, Matthias and Heigold, Georg and Gelly, Sylvain and others},
  journal={arXiv preprint arXiv:2010.11929},
  year={2020}
}

@article{vaswani2017attention,
  title={Attention is all you need},
  author={Vaswani, Ashish and Shazeer, Noam and Parmar, Niki and Uszkoreit, Jakob and Jones, Llion and Gomez, Aidan N and Kaiser, {\L}ukasz and Polosukhin, Illia},
  journal={Advances in neural information processing systems},
  volume={30},
  year={2017}
}

@article{LaurensvanderMaaten2008VisualizingDU,
  title={Visualizing Data using t-SNE},
  author={Laurens van der Maaten and Geoffrey E. Hinton},
  journal={Journal of Machine Learning Research},
  year={2008}
}

@article{zhou2022dataset,
  title={Dataset Distillation using Neural Feature Regression},
  author={Zhou, Yongchao and Nezhadarya, Ehsan and Ba, Jimmy},
  journal={arXiv preprint arXiv:2206.00719},
  year={2022}
}

@article{russakovsky2015imagenet,
  title={ImageNet Large Scale Visual Recognition Challenge},
  author={Russakovsky, Olga and Deng, Jia and Su, Hao and Krause, Jonathan and Satheesh, Sanjeev and Ma, Sean and Huang, Zhiheng and Karpathy, Andrej and Khosla, Aditya and Bernstein, Michael and others},
  journal={International Journal of Computer Vision},
  volume={115},
  number={3},
  pages={211--252},
  year={2015},
  publisher={Kluwer Academic Publishers Norwell, MA, USA}
}


@InProceedings{pmlr-v162-kim22c,
  title = 	 {Dataset Condensation via Efficient Synthetic-Data Parameterization},
  author =       {Kim, Jang-Hyun and Kim, Jinuk and Oh, Seong Joon and Yun, Sangdoo and Song, Hwanjun and Jeong, Joonhyun and Ha, Jung-Woo and Song, Hyun Oh},
  booktitle = 	 {Proceedings of the 39th International Conference on Machine Learning},
  pages = 	 {11102--11118},
  year = 	 {2022},
  editor = 	 {Chaudhuri, Kamalika and Jegelka, Stefanie and Song, Le and Szepesvari, Csaba and Niu, Gang and Sabato, Sivan},
  volume = 	 {162},
  series = 	 {Proceedings of Machine Learning Research},
  month = 	 {17--23 Jul},
  publisher =    {PMLR},
  pdf = 	 {https://proceedings.mlr.press/v162/kim22c/kim22c.pdf},
  url = 	 {https://proceedings.mlr.press/v162/kim22c.html},
  abstract = 	 {The great success of machine learning with massive amounts of data comes at a price of huge computation costs and storage for training and tuning. Recent studies on dataset condensation attempt to reduce the dependence on such massive data by synthesizing a compact training dataset. However, the existing approaches have fundamental limitations in optimization due to the limited representability of synthetic datasets without considering any data regularity characteristics. To this end, we propose a novel condensation framework that generates multiple synthetic data with a limited storage budget via efficient parameterization considering data regularity. We further analyze the shortcomings of the existing gradient matching-based condensation methods and develop an effective optimization technique for improving the condensation of training data information. We propose a unified algorithm that drastically improves the quality of condensed data against the current state-of-the-art on CIFAR-10, ImageNet, and Speech Commands.}
}

@inproceedings{wang2022cafe,
  title={CAFE Learning to Condense Dataset by Aligning Features},
  author={Wang, Kai and Zhao, Bo and Peng, Xiangyu and Zhu, Zheng and Yang, Shuo and Wang, Shuo and Huang, Guan and Bilen, Hakan and Wang, Xinchao and You, Yang},
  booktitle={IEEE/CVF Conference on Computer Vision and Pattern Recognition 2022},
  year={2022}
}

@article{bohdal2020flexible,
  title={Flexible dataset distillation: Learn labels instead of images},
  author={Bohdal, Ondrej and Yang, Yongxin and Hospedales, Timothy},
  journal={arXiv preprint arXiv:2006.08572},
  year={2020}
}

@article{EdgarRiba2019KorniaAO,
  title={Kornia: an Open Source Differentiable Computer Vision Library for PyTorch},
  author={Edgar Riba and Dmytro Mishkin and Daniel Ponsa and Ethan Rublee and Gary Bradski},
  journal={workshop on applications of computer vision},
  year={2019}
}

@article{hinton2015distilling,
  title={Distilling the knowledge in a neural network},
  author={Hinton, Geoffrey and Vinyals, Oriol and Dean, Jeff and others},
  journal={arXiv preprint arXiv:1503.02531},
  volume={2},
  number={7},
  year={2015}
}

@article{deng2022remember,
  title={Remember the Past: Distilling Datasets into Addressable Memories for Neural Networks},
  author={Deng, Zhiwei and Russakovsky, Olga},
  journal={arXiv preprint arXiv:2206.02916},
  year={2022}
}

@article{lee2022dataset,
  title={Dataset Condensation with Contrastive Signals},
  author={Lee, Saehyung and Chun, Sanghyuk and Jung, Sangwon and Yun, Sangdoo and Yoon, Sungroh},
  journal={arXiv preprint arXiv:2202.02916},
  year={2022}
}
